

@Article{Heo2012,
author="Heo, Pilwon
and Gu, Gwang Min
and Lee, Soo-jin
and Rhee, Kyehan
and Kim, Jung",
title="Current hand exoskeleton technologies for rehabilitation and assistive engineering",
journal="International Journal of Precision Engineering and Manufacturing",
year="2012",
month="May",
day="01",
volume="13",
number="5",
pages="807--824",
issn="2005-4602",
doi="10.1007/s12541-012-0107-2",
url="https://doi.org/10.1007/s12541-012-0107-2"
}

@Article{Heo2012,
author="Heo, Pilwon
and Gu, Gwang Min
and Lee, Soo-jin
and Rhee, Kyehan
and Kim, Jung",
title="Current hand exoskeleton technologies for rehabilitation and assistive engineering",
journal="International Journal of Precision Engineering and Manufacturing",
year="2012",
month="May",
day="01",
volume="13",
number="5",
pages="807--824",
issn="2005-4602",
doi="10.1007/s12541-012-0107-2",
url="https://doi.org/10.1007/s12541-012-0107-2"
}

@Article{Blank2014,
author="Blank, Amy A.
and French, James A.
and Pehlivan, Ali Utku
and O'Malley, Marcia K.",
title="Current Trends in Robot-Assisted Upper-Limb Stroke Rehabilitation: Promoting Patient Engagement in Therapy",
journal="Current Physical Medicine and Rehabilitation Reports",
year="2014",
month="Sep",
day="01",
volume="2",
number="3",
pages="184--195",
issn="2167-4833",
doi="10.1007/s40141-014-0056-z",
url="https://doi.org/10.1007/s40141-014-0056-z"
}

@Article{Marchal-Crespo2009,
author="Marchal-Crespo, Laura
and Reinkensmeyer, David J.",
title="Review of control strategies for robotic movement training after neurologic injury",
journal="Journal of NeuroEngineering and Rehabilitation",
year="2009",
month="Jun",
day="16",
volume="6",
number="1",
pages="20",
doi="10.1186/1743-0003-6-20",
url="https://doi.org/10.1186/1743-0003-6-20"
}



@ARTICLE{harwin, 
author={W. S. Harwin and T. Rahman and R. A. Foulds}, 
journal={IEEE Transactions on Rehabilitation Engineering}, 
title={A review of design issues in rehabilitation robotics with reference to North American research}, 
year={1995}, 
volume={3}, 
number={1}, 
pages={3-13}, 
keywords={reviews;robots;design engineering;artificial limbs;telerobotics;handicapped aids;rehabilitation robotics design issues;North American research;position controlled robots;physical disability;upper limb prosthetics;teleoperation;telemanipulation;patient needs;patient expectations;exemplar products;Rehabilitation robotics;Robot sensing systems;Man machine systems;Robot control;North America;Europe;Design methodology;Senior citizens;Legged locomotion}, 
doi={10.1109/86.372887}, 
ISSN={1063-6528}, 
month={March},}


@article{daan,
author = {Daan Ootes and Kaj T. Lambers and David C. Ring},
title ={The Epidemiology of Upper Extremity Injuries Presenting to the Emergency Department in the United States},
journal = {HAND},
volume = {7},
number = {1},
pages = {18-22},
year = {2012},
doi = {10.1007/s11552-011-9383-z},
    note ={PMID: 23449400},

URL = { 
        https://doi.org/10.1007/s11552-011-9383-z
    
},
}
@article{lotze,
author = {Lotze, Martin and Braun, Christoph and Birbaumer, Niels and Anders, Silke and Cohen, Leonardo G.},
title = {Motor learning elicited by voluntary drive},
journal = {Brain},
volume = {126},
number = {4},
pages = {866-872},
year = {2003},
doi = {10.1093/brain/awg079},
URL = {http://dx.doi.org/10.1093/brain/awg079},
eprint = {/oup/backfile/content_public/journal/brain/126/4/10.1093/brain/awg079/2/awg079.pdf}
}
@article{jobae,
title = "A Force-Controllable Compact Actuator Module for a Wearable Hand Exoskeleton",
journal = "IFAC Proceedings Volumes",
volume = "47",
number = "3",
pages = "4453 - 4458",
year = "2014",
note = "19th IFAC World Congress",
issn = "1474-6670",
doi = "https://doi.org/10.3182/20140824-6-ZA-1003.01863",
url = "http://www.sciencedirect.com/science/article/pii/S1474667016423001",
author = "Inseong Jo and Joonbum Bae",
keywords = "Hand exoskeleton system, Virtual reality, Force mode control, Series elastic actuator",

}
@article{Bernhardt2005HybridFC,
  title={Hybrid force-position control yields cooperative behaviour of the rehabilitation robot LOKOMAT},
  author={Michael Bernhardt and Martin Frey and Gery Colombo and Robert Riener},
  journal={9th International Conference on Rehabilitation Robotics, 2005. ICORR 2005.},
  year={2005},
  pages={536-539}
}
@article{inseongbae,
title = "Design and control of a wearable and force-controllable hand exoskeleton system",
journal = "Mechatronics",
volume = "41",
pages = "90 - 101",
year = "2017",
issn = "0957-4158",
doi = "https://doi.org/10.1016/j.mechatronics.2016.12.001",
url = "http://www.sciencedirect.com/science/article/pii/S0957415816301490",
author = "Inseong Jo and Joonbum Bae",
keywords = "Hand exoskeleton, Wearable structure, Force control, Series elastic actuator (SEA) mechanism",

}
@article{BIANCHI20188,
title = "Design of a Series Elastic Transmission for hand exoskeletons",
journal = "Mechatronics",
volume = "51",
pages = "8 - 18",
year = "2018",
issn = "0957-4158",
doi = "https://doi.org/10.1016/j.mechatronics.2018.02.010",
url = "http://www.sciencedirect.com/science/article/pii/S095741581830031X",
author = "M. Bianchi and M. Cempini and R. Conti and E. Meli and A. Ridolfi and N. Vitiello and B. Allotta",
keywords = "Portable robotics, Wearable robotics, Hand exoskeleton, Hand disabilities, Series Elastic Actuator, Topology optimization",

}






@article{agarwalindex,
author = {Priyanshu Agarwal and Jonas Fox and Youngmok Yun and Marcia K. O’Malley and Ashish D. Deshpande},
title ={An index finger exoskeleton with series elastic actuation for rehabilitation: Design, control and performance characterization},
journal = {The International Journal of Robotics Research},
volume = {34},
number = {14},
pages = {1747-1772},
year = {2015},
doi = {10.1177/0278364915598388},

URL = { 
        https://doi.org/10.1177/0278364915598388
    
},
eprint = { 
        https://doi.org/10.1177/0278364915598388
    
}
}







@article{doi:10.1177/0278364917694428,
author = {Priyanshu Agarwal and Youngmok Yun and Jonas Fox and Kaci Madden and Ashish D Deshpande},
title ={Design, control, and testing of a thumb exoskeleton with series elastic actuation},
journal = {The International Journal of Robotics Research},
volume = {36},
number = {3},
pages = {355-375},
year = {2017},
doi = {10.1177/0278364917694428},

URL = { 
        https://doi.org/10.1177/0278364917694428
    
},
eprint = { 
        https://doi.org/10.1177/0278364917694428
    
}
}


@InProceedings{handsonsea,
author="Otaran, Ata
and Tokatli, Ozan
and Patoglu, Volkan",
editor="Bello, Fernando
and Kajimoto, Hiroyuki
and Visell, Yon",
title="Hands-On Learning with a Series Elastic Educational Robot",
booktitle="Haptics: Perception, Devices, Control, and Applications",
year="2016",
publisher="Springer International Publishing",
address="Cham",
pages="3--16",

isbn="978-3-319-42324-1"
}

@article{ertas, title={AssistOn-Finger: An under-actuated finger exoskeleton for robot-assisted tendon therapy}, volume={32}, DOI={10.1017/S0263574714001957}, number={8}, journal={Robotica}, publisher={Cambridge University Press}, author={Ertas, Ismail Hakan and Hocaoglu, Elif and Patoglu, Volkan}, year={2014}, pages={1363–1382}}
@article{Ueki2012DevelopmentOA,
  title={Development of a Hand-Assist Robot With Multi-Degrees-of-Freedom for Rehabilitation Therapy},
  author={Satoshi Ueki and Haruhisa Kawasaki and Satoshi Ito and Yutaka Nishimoto and Motoyuki Abe and Takaaki Aoki and Yasuhiko Ishigure and Takeo Ojika and Tetsuya Mouri},
  journal={IEEE/ASME Transactions on Mechatronics},
  year={2012},
  volume={17},
  pages={136-146}
}
@ARTICLE{chan, 
author={R. B. Chan and D. S. Childress}, 
journal={IEEE Transactions on Systems, Man, and Cybernetics}, 
title={On information transmission in human-machine systems: channel capacity and optimal filtering}, 
year={1990}, 
volume={20}, 
number={5}, 
pages={1136-1145}, 
keywords={filtering and prediction theory;information theory;man-machine systems;position control;telecommunication channels;tracking;man machine systems;information transmission;human-machine systems;channel capacity;optimal filtering;human pursuit tracking;position control;Man machine systems;Channel capacity;Information filtering;Information filters;Equations;Human factors;Position control;Digital filters;Information theory;System performance}, 
doi={10.1109/21.59976}, 
ISSN={0018-9472}, 
month={Sept},}
@book{sheridan,
author = {Sheridan, Thomas},
year = {1974},
month = {01},
pages = {},
title = {Sheridan, T.B. and Ferrell, W.R., Man-Machine Systems: Information, Control and Decision Models of Human Performance, MIT Press, 1974}
}






@article{Adamovich,
author = {Adamovich, Sergei V. and Merians, Alma S. and Boian, Rares and Lewis, Jeffrey A. and Tremaine, Marilyn and Burdea, Grigore S. and Recce, Michael and Poizner, Howard},
title = {A Virtual Reality—Based Exercise System for Hand Rehabilitation Post-Stroke},
journal = {Presence: Teleoperators and Virtual Environments},
volume = {14},
number = {2},
pages = {161-174},
year = {2005},
doi = {10.1162/1054746053966996},

URL = { 
        https://doi.org/10.1162/1054746053966996
    
},
eprint = { 
        https://doi.org/10.1162/1054746053966996
    
}

}


@inproceedings{kawasaki,
author = {Kawasaki, Haruhisa and Kimura, Hiroki and Ito, Satoshi and Nishimoto, Yutaka and Hayashi, Hiroyuki and Sakaeda, H},
year = {2006},
month = {08},
pages = {1 - 6},
title = {Hand Rehabilitation Support System Based on Self-Motion Control, with a Clinical Case Report},
isbn = {1-889335-33-9},
journal = {2006 World Automation Congress, WAC'06},
doi = {10.1109/WAC.2006.375977}
}
@online{thera,

 title = {TheraBand Hand Exerciser},
 url = {http://www.theraband.com/products/rehab-therapy/hand-arm-therapy/theraband-hand-exerciser.html},

}
@online{digiflex,

 title = {CanDo® Digi-Flex® Hand Exercisers},
 url = {https://www.fab-ent.com/exercise/hand-flexion/cando-digi-flex-hand-exercisers/},

}
@article{SCHWARTZ2006448,
title = "Continuous Passive Motion in the Hand Therapy Clinic",
journal = "Journal of Hand Therapy",
volume = "19",
number = "4",
pages = "448 - 449",
year = "2006",
issn = "0894-1130",
doi = "https://doi.org/10.1197/j.jht.2006.07.017",
url = "http://www.sciencedirect.com/science/article/pii/S0894113006001499",
author = "Deborah Ann Schwartz"
}
@inbook{kawasakihapt,
author = {Kawasaki, Haruhisa and Endo, Takahiro and Mouri, Tetuya and Ishigure, Yasuhiko and Daniulaitis, Vytautas},
year = {2013},
month = {01},
pages = {85-107},
title = {HIRO: Multi-fingered Haptic Interface Robot and Its Medical Application Systems},
doi = {10.1007/978-1-4471-5204-0_5}
}
@article{lucas,
author = {Lucas, Lenny and DiCicco, Matthew and Matsuoka, Yoky},
year = {2004},
month = {01},
pages = {},
title = {An EMG-Controlled Hand Exoskeleton for Natural Pinching},
volume = {16},
journal = {Journal of Robotics and Mechatronics}
}
@article{frisoli,
author = {Frisoli, Antonio and Montagner, Alberto and Borelli, Luigi and Salsedo, Fabio and Bergamasco, Massimo},
year = {2009},
month = {07},
pages = {115-126},
title = {A Force-Feedback Exoskeleton for Upper-Limb Rehabilitation in Virtual Reality},
volume = {6},
journal = {Applied Bionics and Biomechanics},
doi = {10.1080/11762320902959250}
}
@article{tagliamonte,
author = {Tagliamonte, Nevio and Accoto, Dino},
year = {2013},
month = {03},
pages = {138-153},
title = {Passivity constraints for the impedance control of series elastic actuators},
volume = {228},
journal = {Proceedings of the Institution of Mechanical Engineers, Part I: Journal of Systems and Control Engineering},
doi = {10.1177/0959651813511615}
}
@article{adamsblake,
author = {J. Adams, Richard and Hannaford, Blake},
year = {1999},
month = {07},
pages = {},
title = {Stable Haptic Interaction with Virtual Environments},
volume = {15},
journal = {IEEE Transactions on Robotics and Automation},
doi = {10.1109/70.768179}
}
@inproceedings{colgate,
author = {Colgate, Ed and Hogan, Neville},
year = {1989},
month = {06},
pages = {404 - 409 vol.1},
title = {Analysis of contact instability in terms of passive physical equivalents},
isbn = {0-8186-1938-4},
journal = {[No source information available]},
doi = {10.1109/ROBOT.1989.100021}
}
@article{vallery,
author = {Vallery, Heike and Veneman, Jan and van Asseldonk, Edwin and Ekkelenkamp, Ralf and Buss, Martin and Kooij, Herman},
year = {2008},
month = {10},
pages = {60 - 69},
title = {Compliant actuation of rehabilitation robots},
volume = {15},
journal = {Robotics & Automation Magazine, IEEE},
doi = {10.1109/MRA.2008.927689}
}
@article{calanca,
author = {Calanca, Andrea and Muradore, Riccardo and Fiorini, Paolo},
year = {2017},
month = {11},
pages = {37-48},
title = {Impedance control of series elastic actuators: Passivity and acceleration-based control},
volume = {47},
journal = {Mechatronics},
doi = {10.1016/j.mechatronics.2017.08.010}
}
@inproceedings{hogan,
author = {Hogan, N},
year = {1989},
month = {06},
pages = {1626 - 1631 vol.3},
title = {Controlling impedance at the man/machine interface},
doi = {10.1109/ROBOT.1989.100210}
}
@inproceedings{pratt,
author = {Pratt, G.A. and M. Williamson, Matthew},
year = {1995},
month = {09},
pages = {399-406 vol.1},
title = {Series elastic actuators},
volume = {1},
isbn = {0-8186-7108-4},
journal = {IEEE International Conference on Intelligent Robots and Systems},
doi = {10.1109/IROS.1995.525827}
}
@article{eppinger,
author = {Eppinger, Steven and P. Seering, Warren},
year = {2002},
month = {07},
pages = {},
title = {On Dynamic Models of Robot Force Control},
volume = {3},
journal = {[No source information available]},
doi = {10.1109/ROBOT.1986.1087723}
}